<?xml version="1.0" encoding="UTF-8"?><collection xmlns="http://www.loc.gov/MARC21/slim"><record><leader>00434nam--2200157-i-4500</leader><controlfield tag="001">000004204</controlfield><controlfield tag="002">20161230</controlfield><controlfield tag="005">20170114170918</controlfield><controlfield tag="008">060222s1000------------r-----000-0-eng-d</controlfield><datafield ind1=" " ind2=" " tag="080"><subfield code="a">06L.3:5L9.3:539.3:539.2L4</subfield></datafield><datafield ind1=" " ind2=" " tag="245"><subfield code="a">Calculus of variations and its application</subfield></datafield><datafield ind1=" " ind2=" " tag="260"><subfield code="a">New York</subfield><subfield code="b">Mcgraw-Hill</subfield><subfield code="c">1958</subfield></datafield><datafield ind1=" " ind2=" " tag="300"><subfield code="a">V + 153 p</subfield></datafield><datafield ind1=" " ind2=" " tag="490"><subfield code="a">Proc.Of Symposia In Appl.Math</subfield><subfield code="v">vol. 8</subfield></datafield><datafield ind1=" " ind2=" " tag="852"><subfield code="a">12839</subfield></datafield><datafield ind1=" " ind2=" " tag="CAT"><subfield code="a">SYS</subfield><subfield code="c">20170114</subfield><subfield code="h">170918</subfield></datafield></record></collection>